@article{schoeberlleros,
  title={Leros: A Tiny Microcontroller for FPGAs},
  author={Schoeberl, M.}
}

@inproceedings{gaisler2002portable,
  title={A portable and fault-tolerant microprocessor based on the SPARC V8 architecture},
  author={Gaisler, J.},
  booktitle={Dependable Systems and Networks, 2002. DSN 2002. Proceedings. International Conference on},
  pages={409--415},
  year={2002},
  organization={IEEE}
}

@article{hennessy1984vlsi,
  title={VLSI processor architecture},
  author={Hennessy, J.L.},
  journal={Computers, IEEE Transactions on},
  volume={100},
  number={12},
  pages={1221--1246},
  year={1984},
  publisher={IEEE}
}

@article{ip2006processor,
  title={A processor extension for cycle-accurate real-time software},
  author={Ip, N. and Edwards, S.},
  journal={Embedded and Ubiquitous Computing},
  pages={449--458},
  year={2006},
  publisher={Springer}
}

@inproceedings{robinson2010supersmall,
  title={The supersmall soft processor},
  author={Robinson, J. and Vafaee, S. and Scobbie, J. and Ritche, M. and Rose, J.},
  booktitle={Programmable Logic Conference (SPL), 2010 VI Southern},
  pages={3--8},
  year={2010},
  organization={IEEE}
}

@manual{niosII,
    title={Nios II Processor Reference},
    author={Altera Corporation},
    year={2010}
}

@manual{picoblaze,
    title={PicoBlaze 8-bit Embedded Microcontroller User Guide},
    author={Xilinx Corporation},
    year={2010}
}

@article{Fatahalian:2008:CLG:1400181.1400197,
 author = {Fatahalian, Kayvon and Houston, Mike},
 title = {A closer look at GPUs},
 journal = {Commun. ACM},
 issue_date = {October 2008},
 volume = {51},
 issue = {10},
 month = {October},
 year = {2008},
 issn = {0001-0782},
 pages = {50--57},
 numpages = {8},
 url = {http://doi.acm.org/10.1145/1400181.1400197},
 doi = {http://doi.acm.org/10.1145/1400181.1400197},
 acmid = {1400197},
 publisher = {ACM},
 address = {New York, NY, USA},
}

@article{Jamieson198648,
  title = "FFT algorithms for SIMD parallel processing systems",
  journal = "Journal of Parallel and Distributed Computing",
  volume = "3",
  number = "1",
  pages = "48 - 71",
  year = "1986",
  note = "",
  issn = "0743-7315",
  doi = "10.1016/0743-7315(86)90027-4",
  url = "http://www.sciencedirect.com/science/article/pii/0743731586900274",
  author = "Leah H. Jamieson and Philip T. Mueller Jr and Howard Jay Siegel"
}


@article{spartan_ram,
	title={Using Block RAM in Spartan-3 Generation FPGAs},
	volume={2},
	url={www.xilinx.com/support/documentation/application_notes/xapp463.pdf},
	journal={Xilinx Application Note XAPP463 v2 0},
	year={2005},
	pages={1--40}
}

@article{spartan_user,
	title={Spartan-3E FPGA Starter Kit Board},
	volume={230},
	url={www.xilinx.com/support/documentation/boards_and_kits/ug230.pdf},
	journal={Xilinx User Guide},
	publisher={Xilinx},
    year={2008},
    pages={1--64}
}
